@inproceedings{wasm2017,
  title={Bringing the web up to speed with WebAssembly},
  author={Haas, Andreas and Rossberg, Andreas and Schuff, Derek L and Titzer, Ben L and Holman, Michael and Gohman, Dan and Wagner, Luke and Zakai, Alon and Bastien, JF},
  booktitle={Proceedings of the 38th ACM SIGPLAN Conference on Programming Language Design and Implementation},
  pages={185--200},
  year={2017}
}

@misc{wasi2023,
  title={WebAssembly System Interface},
  author={{WebAssembly Community Group}},
  year={2023},
  note={\url{https://wasi.dev/}}
}

@inproceedings{deterministic2010,
  title={Deterministic process groups in dOS},
  author={Clements, Austin T and Kaashoek, M Frans and Zeldovich, Nickolai and Morris, Robert T and Kohler, Eddie},
  booktitle={Proceedings of the 9th USENIX conference on Operating systems design and implementation},
  pages={1--16},
  year={2010}
}

@article{wasm2020,
  title={WebAssembly: A new binary format for the web},
  author={Rossberg, Andreas},
  journal={Communications of the ACM},
  volume={63},
  number={12},
  pages={83--89},
  year={2020},
  publisher={ACM New York, NY, USA}
}

@article{cloudburst2020,
  title={Cloudburst: Stateful functions-as-a-service},
  author={Sreekanti, Vikram and Wu, Chenggang and Lin, Xiayue Charles and Schleier-Smith, Johann and Gonzalez, Joseph E and Hellerstein, Joseph M and Tumanov, Alexey},
  journal={Proceedings of the VLDB Endowment},
  volume={13},
  number={12},
  pages={2438--2452},
  year={2020}
}

@inproceedings{deterministic2009,
  title={ODR: Output-deterministic replay for multicore debugging},
  author={Altekar, Gautam and Stoica, Ion},
  booktitle={Proceedings of the 22nd ACM Symposium on Operating Systems Principles},
  pages={193--206},
  year={2009}
}

@inproceedings{elastic2016,
  title={Elastic scaling of stateful network functions},
  author={Katta, Naga and Rexford, Jennifer and Walker, David},
  booktitle={15th USENIX Symposium on Networked Systems Design and Implementation (NSDI 16)},
  pages={289--302},
  year={2016}
}

@article{consistency2015,
  title={Consistency in non-transactional distributed storage systems},
  author={Bailis, Peter and Ghodsi, Ali},
  journal={ACM Computing Surveys (CSUR)},
  volume={47},
  number={1},
  pages={1--34},
  year={2015},
  publisher={ACM New York, NY, USA}
}

@inproceedings{replicode2025,
  title={Deterministic, Fair, and Secure Multi-Process WASM Runtime},
  author={Nabholz, Mateus Vital},
  booktitle={EPFL Spring Semester Project},
  year={2025},
  note={Companion paper focusing on the multi-process aspects of the RepliCode system}
} 